@article{roc,
  author={James A. Hanley, Barbara J. McNeil},
  doi={https://doi.org/10.1148/radiology.143.1.7063747},
  Journal={RSNA},
  month={04},
  title={The Meaning and Use of the Area under a Receiver Operating Characteristic (ROC) Curve},
  year={1982}
}