@article{breiman2001statistical,
  title={Statistical modeling: The two cultures (with comments and a rejoinder by the author)},
  author={Breiman, Leo and others},
  journal={Statistical science},
  volume={16},
  number={3},
  pages={199--231},
  year={2001},
  publisher={Institute of Mathematical Statistics}
}

@article{schmidhuber2015deep,
  title={Deep learning in neural networks: An overview},
  author={Schmidhuber, J{\"u}rgen},
  journal={Neural networks},
  volume={61},
  pages={85--117},
  year={2015},
  publisher={Elsevier}
}

@inproceedings{amershi2011effective,
  title={Effective end-user interaction with machine learning},
  author={Amershi, Saleema and Fogarty, James and Kapoor, Ashish and Tan, Desney},
  booktitle={Twenty-Fifth AAAI Conference on Artificial Intelligence},
  year={2011}
}

@article{scholkopf2001estimating,
  title={Estimating the support of a high-dimensional distribution},
  author={Sch{\"o}lkopf, Bernhard and Platt, John C and Shawe-Taylor, John and Smola, Alex J and Williamson, Robert C},
  journal={Neural computation},
  volume={13},
  number={7},
  pages={1443--1471},
  year={2001},
  publisher={MIT Press}
}

@article{parzen1962estimation,
  title={On estimation of a probability density function and mode},
  author={Parzen, Emanuel},
  journal={The annals of mathematical statistics},
  volume={33},
  number={3},
  pages={1065--1076},
  year={1962},
  publisher={JSTOR}
}

@misc{breastcancer,
  author={Dr. William H. Wolberg, W. Nick Street, Olvi L. Mangasarian},
  month={11},
  title={Breast Cancer Wisconsin (Diagnostic) Data Set},
  year={1995},
  doi={https://archive.ics.uci.edu/ml/datasets/Breast+Cancer+Wisconsin+(Diagnostic)}
}

@article{pedregosa2011scikit,
  title={Scikit-learn: Machine learning in Python},
  author={Pedregosa, Fabian and Varoquaux, Ga{\"e}l and Gramfort, Alexandre and Michel, Vincent and Thirion, Bertrand and Grisel, Olivier and Blondel, Mathieu and Prettenhofer, Peter and Weiss, Ron and Dubourg, Vincent and others},
  journal={Journal of machine learning research},
  volume={12},
  number={Oct},
  pages={2825--2830},
  year={2011}
}

@article{liaw2002classification,
  title={Classification and regression by randomForest},
  author={Liaw, Andy and Wiener, Matthew and others},
  journal={R news},
  volume={2},
  number={3},
  pages={18--22},
  year={2002}
}

@inproceedings{paszke2017automatic,
  title={Automatic Differentiation in {PyTorch}},
  author={Paszke, Adam and Gross, Sam and Chintala, Soumith and Chanan, Gregory and Yang, Edward and DeVito, Zachary and Lin, Zeming and Desmaison, Alban and Antiga, Luca and Lerer, Adam},
  booktitle={NIPS Autodiff Workshop},
  year={2017}
}

@article{song2013random,
  title={Random generalized linear model: a highly accurate and interpretable ensemble predictor},
  author={Song, Lin and Langfelder, Peter and Horvath, Steve},
  journal={BMC bioinformatics},
  volume={14},
  number={1},
  pages={5},
  year={2013},
  publisher={BioMed Central}
}

@misc{bostonhouse,
  author={Harrison, D. and Rubinfield, D.L.},
  month={11},
  title={The Boston house-price data},
  year={1978},
  doi={http://lib.stat.cmu.edu/datasets/boston}
}

@article{lepage1978new,
  title={A new algorithm for adaptive multidimensional integration},
  author={Lepage, G Peter},
  journal={Journal of Computational Physics},
  volume={27},
  number={2},
  pages={192--203},
  year={1978},
  publisher={Elsevier}
}

@inproceedings{liu2008isolation,
  title={Isolation forest},
  author={Liu, Fei Tony and Ting, Kai Ming and Zhou, Zhi-Hua},
  booktitle={2008 Eighth IEEE International Conference on Data Mining},
  pages={413--422},
  year={2008},
  organization={IEEE}
}